<record><leader>00000cas a22000007a 4500</leader><controlfield tag="001">9599858</controlfield><controlfield tag="008">830613d18781879ksuwr ne      0    0eng d</controlfield><datafield ind1=" " ind2=" " tag="010"><subfield code="a">sn 83040266 </subfield></datafield><datafield ind1=" " ind2=" " tag="040"><subfield code="a">KSH</subfield><subfield code="b">eng</subfield><subfield code="c">KSH</subfield><subfield code="d">NPT</subfield><subfield code="d">OBN</subfield><subfield code="d">OCLCQ</subfield><subfield code="d">OCLCF</subfield><subfield code="d">OCLCO</subfield></datafield><datafield ind1="1" ind2=" " tag="029"><subfield code="a">AU@</subfield><subfield code="b">000025793346</subfield></datafield><datafield ind1=" " ind2=" " tag="042"><subfield code="a">msc</subfield></datafield><datafield ind1=" " ind2=" " tag="043"><subfield code="a">n-us-ks</subfield></datafield><datafield ind1="0" ind2="0" tag="245"><subfield code="a">Barbour County mail.</subfield></datafield><datafield ind1=" " ind2=" " tag="260"><subfield code="a">Medicine Lodge, Kan. :</subfield><subfield code="b">M.J. Cochran</subfield></datafield><datafield ind1=" " ind2=" " tag="300"><subfield code="a">v.</subfield></datafield><datafield ind1=" " ind2=" " tag="310"><subfield code="a">Weekly</subfield></datafield><datafield ind1="0" ind2=" " tag="362"><subfield code="a">Vol. 1, no. 1 (May 21, 1878)-</subfield></datafield><datafield ind1="1" ind2=" " tag="362"><subfield code="a">Ceased in Jan. 1879.</subfield></datafield><datafield ind1=" " ind2="0" tag="651"><subfield code="a">Medicine Lodge (Kan.)</subfield><subfield code="v">Newspapers.</subfield></datafield><datafield ind1=" " ind2="0" tag="651"><subfield code="a">Barber County (Kan.)</subfield><subfield code="v">Newspapers.</subfield></datafield><datafield ind1=" " ind2="7" tag="655"><subfield code="a">Newspapers.</subfield><subfield code="2">fast</subfield><subfield code="0">(OCoLC)fst01423814</subfield></datafield><datafield ind1=" " ind2="7" tag="651"><subfield code="a">Kansas</subfield><subfield code="z">Barber County.</subfield><subfield code="2">fast</subfield><subfield code="0">(OCoLC)fst01214709</subfield></datafield><datafield ind1=" " ind2="7" tag="651"><subfield code="a">Kansas</subfield><subfield code="z">Medicine Lodge.</subfield><subfield code="2">fast</subfield><subfield code="0">(OCoLC)fst01214710</subfield></datafield><datafield ind1="1" ind2=" " tag="700"><subfield code="a">Cochran, M. J.</subfield></datafield><datafield ind1=" " ind2=" " tag="752"><subfield code="a">United States</subfield><subfield code="b">Kansas</subfield><subfield code="c">Barber</subfield><subfield code="d">Medicine Lodge.</subfield></datafield><datafield ind1="0" ind2="0" tag="785"><subfield code="t">Mail (Medicine Lodge, Kan.)</subfield><subfield code="w">(DLC)sn 83040224</subfield></datafield></record>